@misc{basicManual,
	author = "",
 	title = {GW-BASIC User's Guide [Электронный ресурс].},
	howpublished = {-- Режим доступа: {\tt http://www.richardlemay.com/JEUX/GW-Basic/GW\%20Basic\%20User\%20Guide.pdf}},
	note = {},
	year=2004,
}
@misc{flexManual,
	author = "{\it John R. Levine}",
	title = {flex \& bison [Электронный ресурс].},
	howpublished = {-- Режим доступа: {\tt http://web.iitd.ac.in/~sumeet/flex\_\_bison.pdf}},
	publisher = {O'RELLY},
	year = 2009
}
@misc{glutManual,
	author = "{\it Mark J. Kilgard}",
	title = {The OpenGL Utility Toolkit (GLUT) Programming Interface API Version 3 [Электронный ресурс].},
	howpublished = {-- Режим доступа: {\tt https://www.opengl.org/resources/libraries/glut/spec3/spec3.html}},
	publisher =  {Silicon Graphics, Inc.},		
	year = 1996
}
@misc{glutCallbacks,
	title = {GLUT Callback Registration [Электронный ресурс]},
	howpublished = {-- Режим доступа: {\tt https://www.opengl.org/documentation/specs/glut/spec3/node45.html}}	
}
@misc{ glManual,
	title= {OpenGL 2.1 Reference Page [Электронный ресурс]},
	howpublished = {-- Режим доступа: {\tt https://www.opengl.org/sdk/docs/man2/xhtml/}}
}
